<?xml version="1.0" encoding="UTF-8"?><collection xmlns="http://www.loc.gov/MARC21/slim"><record><leader>00537nam--2200217-u-4500</leader><controlfield tag="001">000051766</controlfield><controlfield tag="002">20161230</controlfield><controlfield tag="005">20161230201049</controlfield><controlfield tag="008">080924s1000------------r-----000-0-eng-d</controlfield><datafield ind1=" " ind2=" " tag="020"><subfield code="a">3-540-25907-4</subfield></datafield><datafield ind1=" " ind2=" " tag="040"><subfield code="a">IFIN-HH</subfield></datafield><datafield ind1=" " ind2=" " tag="080"><subfield code="a">512.73</subfield></datafield><datafield ind1="1" ind2=" " tag="100"><subfield code="a">Jost, Jurgen</subfield></datafield><datafield ind1="1" ind2="0" tag="245"><subfield code="a">Riemannian Geomtry and Geometric Analysis</subfield></datafield><datafield ind1=" " ind2=" " tag="250"><subfield code="a">Fourth Edition</subfield></datafield><datafield ind1=" " ind2=" " tag="260"><subfield code="a">Berlin</subfield><subfield code="b">Springer-Verlag</subfield><subfield code="c">2005</subfield></datafield><datafield ind1=" " ind2=" " tag="300"><subfield code="a">655 p</subfield></datafield><datafield ind1=" " ind2=" " tag="490"><subfield code="a">Universitext</subfield></datafield><datafield ind1="1" ind2=" " tag="700"><subfield code="a">Jurgen Jost</subfield></datafield><datafield ind1=" " ind2=" " tag="852"><subfield code="a">81735</subfield><subfield code="c">513.73</subfield></datafield><datafield ind1=" " ind2=" " tag="CAT"><subfield code="a">Sys</subfield><subfield code="c">20080924</subfield><subfield code="h">105749</subfield></datafield></record></collection>